@book{acm:book,
author = {Schneider, M. C. and Galup-Montoro, C.},
title = {CMOS Analog Design Using All-Region MOSFET Modeling},
year = {2010},
isbn = {9780521110365},
publisher  = {Cambridge University Press},
address = {Reino Unido}
}

@article{vt:extract,
title = {MOSFET threshold voltage: Definition, extraction, and some applications},
journal = {Microelectronics Journal},
volume = {43},
number = {5},
pages = {329-336},
year = {2012},
note = {Special Section NANOTECH 2011},
issn = {0026-2692},
doi = {10.1016/j.mejo.2012.01.004},
author = {Siebel, O. F. and Schneider, M. C. and Galup-Montoro, C.}
}

@article{sbcs,
author = {Camacho-Galeano, E. M. and Galup-Montoro, C. and Schneider, M. C.},
journal = {IEEE Transactions on Circuits and Systems II: Express Briefs},
title = {A 2-nW 1.1-V self-biased current reference in CMOS technology},
year = {2005},
volume = {52},
number = {2},
pages = {61-65},
doi = {10.1109/TCSII.2004.842059}
}

@article{wilson,
title = {Current mirrors, amplifiers and dumpers},
journal = {Wireless World},
author = {Wilson, B.},
year = {1981},
month = {12},
pages = {47â€“50},
volume = {87},
number = {1551},
issn = {0043-6062},
address = {Reino Unido}
} 